@misc{BfDI,
	author = {{Die Bundesbeauftragten für den Datenschutz und die Informationssicherheit (BfDI)}},
	editor = {{Die Bundesbeauftragten für den Datenschutz und die Informationssicherheit (BfDI)}},
	year = {2018},
	title = {Was ist Datenschutz?},
	howpublished = {\url{https://www.bfdi.bund.de/DE/Datenschutz/Ueberblick/ueberblick-node.html}},
	note = {Abrufdatum: 16.10.2018}
}

@misc{CIA,
	author = {{Nico Grundmeier}},
	editor = {{Nico Grundmeier)}},
	year = {2018},
	title = {Sicherheitslücken im Internet},
	howpublished = {\url{http://www.informatik.uni-oldenburg.de/~iug10/sli/indexd917.html?q=node/19}},
	note = {Abrufdatum: 16.10.2018}
}

@book{hellmann2018sicherheit,
	title={IT-Sicherheit: eine Einf{\"u}hrung},
	author={Hellmann, Roland},
	year={2018},
	publisher={Walter de Gruyter GmbH \& Co KG}
}



@book{ertel2001angewandte,
	title={Angewandte Kryptographie. Fachbuchverlag Leipzig},
	author={Ertel, Wolfgang},
	year={2001},
	publisher={Carl Hanser Verlag), ISBN}
}



@MISC{Steg,
	author= {Gary C. Kessler},
	title= {An Overview of Steganography for the Computer
	Forensics Examiner (Updated Version, February
	2015)},
	year= {2015},
	publisher={Embry-Riddle Aeronautical University, kessleg1@erau.edu}
	
}

@article{purgathofer2010kurze,
	title={Eine kurze Geschichte der Steganographie},
	author={Purgathofer, Peter},
	journal={Die Funktion verdeckter Kommunikation: Impulse f{\"u}r eine Technikfolgenabsch{\"a}tzung zur Steganographie},
	volume={9},
	pages={65},
	year={2010},
	publisher={LIT Verlag M{\"u}nster}
}









%%% Local Variables: 
%%% mode: latex
%%% TeX-master: "Bachelorarbeit"
%%% End: 
